@article{knuth84,
  author = {Knuth, Donald E.},
  title = {Literate Programming},
  year = {1984},
  issue_date = {May 1984},
  publisher = {Oxford University Press, Inc.},
  address = {USA},
  volume = {27},
  number = {2},
  issn = {0010-4620},
  url = {https://doi.org/10.1093/comjnl/27.2.97},
  doi = {10.1093/comjnl/27.2.97},
  journal = {Comput. J.},
  month = may,
  pages = {97–111},
  numpages = {15}
}

@article{Peng2011,
  author = {Roger D. Peng },
  title = {Reproducible Research in Computational Science},
  journal = {Science},
  volume = {334},
  number = {6060},
  pages = {1226-1227},
  year = {2011},
  doi = {10.1126/science.1213847},
  URL = {https://www.science.org/doi/abs/10.1126/science.1213847},
  doi = {10.1126/science.1213847},
  eprint = {https://www.science.org/doi/pdf/10.1126/science.1213847},
}

@Manual{Rcore2021,
  title        = {R: A Language and Environment for Statistical Computing},
  author       = {{R Core Team}},
  organization = {R Foundation for Statistical Computing},
  address      = {Vienna, Austria},
  year         = {2021},
  url          = {https://www.R-project.org/},

}

@Book{Wickham2017R,
  author = {Garrett Grolemund and Hadley Wickham},
  title = {R for Data Science},
  publisher = {O'Reilly Media},
  year = {2017}
}

@article{Zhou2012,
  author = {Zhou, Bin and Xiao, Jun Feng and Tuli, Leepika and Ressom, Habtom W},
  doi = {10.1039/c1mb05350g},
  issn = {1742-2051 (Electronic)},
  journal = {Molecular bioSystems},
  keywords = {Chromatography, Liquid,Humans,Mass Spectrometry,Metabolomics,Research Design,methods},
  language = {eng},
  month = {feb},
  number = {2},
  pages = {470--481},
  pmid = {22041788},
  title = {{LC-MS-based metabolomics.}},
  volume = {8},
  year = {2012},
}

@article{Reeder2021,
author = {Reeder, Janina and Huang, Mo and Kaminker, Joshua S and Paulson, Joseph N},
doi = {10.1093/bioinformatics/btaa838},
issn = {1367-4811 (Electronic)},
journal = {Bioinformatics (Oxford, England)},
keywords = {Microbiota,Software},
language = {eng},
month = {jun},
number = {9},
pages = {1317--1318},
pmid = {32960962},
title = {{MicrobiomeExplorer: an R package for the analysis and visualization of microbial  communities.}},
volume = {37},
year = {2021}
}

@book{wickham2016a,
	title = {ggplot2},
	author = {Wickham, Hadley},
	year = {2016},
	date = {2016},
	publisher = {Springer International Publishing},
	doi = {10.1007/978-3-319-24277-4},
	url = {http://dx.doi.org/10.1007/978-3-319-24277-4}
}

@book{wickham2017r,
  title     = {R for Data Science: Import, Tidy, Transform, Visualize, and Model Data},
  author    = {Wickham, Hadley and Grolemund, Garrett},
  year      = {2017},
  publisher = {O'Reilly Media},
  url       = {https://r4ds.had.co.nz}
}

@misc{wickham2015,
	title = {readxl: Read Excel Files},
	author = {Wickham, Hadley and Bryan, Jennifer},
	year = {2015},
	month = {04},
	date = {2015-04-14},
	publisher = {The R Foundation},
	doi = {10.32614/cran.package.readxl},
	url = {http://dx.doi.org/10.32614/CRAN.package.readxl}
}

@article{Vasquez-Castillo2019,
  author = {Vásquez-Castillo, W. and Racines-Oliva, M. and Moncayo, P. and Viera, W. and Seraquive, M.},
  title = {Calidad del fruto y pérdidas postcosecha de banano orgánico (Musa acuminata) en el Ecuador},
  journal = {Enfoque UTE},
  volume = {10},
  number = {4},
  pages = {57--66},
  year = {2019},
  url = {https://doi.org/10.29019/enfoque.v10n4.545}
}

@article{Arias2007,
  author = {Arias B., C. L.},
  title = {Control Químico de la Antracnosis del Mango (Mangifera indica L.) en pre y postcosecha},
  journal = {Bioagro},
  volume = {19},
  number = {1},
  pages = {19--25},
  year = {2007},
  url = {http://www.ucla.edu.ve/bioagro/Rev19(1)/3.%20Control%20qu%C3%ADmico%20de%20la%20antracnosis.pdf}
}

@TECHREPORT{MejiaSarmientoEva2022,
  author = {Mejía-Sarmiento, Juan Sebastián},
  title = {Evaluación de Extracto Crudo de Penicillium sp. Para la Inhibición del Crecimiento in vitro e in vivo de Colletotrichum musae (Berk y M.A. Curtis) Arx. Agente Causal de Antracnosis en Banano},
  institution = {Universidad de Santander},
  year = {2022},
  url = {https://repositorio.udes.edu.co/handle/001/8674},
}
