@TECHREPORT{Mejía-Sarmiento,_Eva_2022,
author = 'Mejía-Sarmiento, Juan Sebastián',
title = 'Evaluación de Extracto Crudo de Penicillium sp. Para la Inhibición del Crecimiento in vitro e in vivo de Colletotrichum musae (Berk. y M.A. Curtis) Arx. Agente Causal de Antracnosis en Banano',
abstract = 'El estudio tuvo como objetivo evaluar la inhibición del extracto crudo de Penicillium sp. sobre del crecimiento in vitro e in vivo de Colletotrichum musae (Berk. y M.A. Curtis) Arx. agente causal de antracnosis en banano.
En el primer experimento: se evaluó el mejor sustrato sólido para la obtención de extractos crudos de Penicillium sp., mediante procedimientos de fermentación y aplicando recuento de conidios en cámara de Neubauer, posteriormente se cuantificó la inhibición in vitro del extracto crudo en medios de cultivo PDA suplementado con extractos de Penicillium a las dosis de: 4; 4,5; 5; 5,5 y 6% y Azoxystrobin 300 mg/L como testigo Positivo, y se estimó los valores de Porcentaje de Inhibición del Crecimiento Micelial (PICM). Por último, se estimó el Porcentaje de Inhibición del Área de la Lesión (PIAL) in vivo del extracto crudo de Penicillium sp., a las concentraciones de 8, 9, 10, 11, 12, 13 %. El análisis estadístico se realizó mediante el uso del Software Statistix versión 8 (2003).
Como resultado, se encontró que el mejor sustrato para el crecimiento de Penicillium sp., fue el maíz partido, en cuanto al experimento in vitro, este no mostró un PICM satisfactorio, mientras que el PIAL para el experimento in vivo, reflejó inhibición del patógeno.',
year = 2022,
institution = 'Fundación Universitaria de Ciencias de la Salud',
url = 'https://repositorio.udes.edu.co/handle/001/8674',
}